<record><leader>00000cas a22000007a 4500</leader><controlfield tag="001">6812465</controlfield><controlfield tag="008">801011d19221964inudn ne      0    0eng d</controlfield><datafield ind1=" " ind2=" " tag="010"><subfield code="a">sn 84045411 </subfield></datafield><datafield ind1=" " ind2=" " tag="040"><subfield code="a">IPL</subfield><subfield code="b">eng</subfield><subfield code="c">IPL</subfield><subfield code="d">NPI</subfield><subfield code="d">DLC</subfield><subfield code="d">IUL</subfield><subfield code="d">OCLCF</subfield><subfield code="d">OCLCO</subfield></datafield><datafield ind1="1" ind2=" " tag="029"><subfield code="a">AU@</subfield><subfield code="b">000025832054</subfield></datafield><datafield ind1=" " ind2=" " tag="042"><subfield code="a">msc</subfield></datafield><datafield ind1="0" ind2="0" tag="050"><subfield code="a">Newspaper 7002</subfield></datafield><datafield ind1="0" ind2="4" tag="245"><subfield code="a">The Gary post-tribune.</subfield></datafield><datafield ind1="2" ind2=" " tag="246"><subfield code="a">Gary post tribune</subfield></datafield><datafield ind1="1" ind2=" " tag="246"><subfield code="i">Sunday edition has title:</subfield><subfield code="a">Sunday post-tribune</subfield></datafield><datafield ind1=" " ind2=" " tag="260"><subfield code="a">Gary, Ind. :</subfield><subfield code="b">Gary Print. and Pub. Co.,</subfield><subfield code="c">1922-1964.</subfield></datafield><datafield ind1=" " ind2=" " tag="300"><subfield code="a">43 v. :</subfield><subfield code="b">ill. ;</subfield><subfield code="c">64 cm.</subfield></datafield><datafield ind1=" " ind2=" " tag="310"><subfield code="a">Daily (except holidays),</subfield><subfield code="b">-Mar. 1, 1964.</subfield></datafield><datafield ind1=" " ind2=" " tag="321"><subfield code="a">Daily (except Sun. and holidays),</subfield><subfield code="b">Aug. 1922-&lt;1954&gt;</subfield></datafield><datafield ind1="0" ind2=" " tag="362"><subfield code="a">Vol. 13, no. 273 (Aug. 26, 1922)-v. 55, no. 150 (Mar. 1, 1964).</subfield></datafield><datafield ind1=" " ind2=" " tag="580"><subfield code="a">Also published in local editions called: Northwest Indiana sentinel, and: Indiana sentinel (Highland, Ind.)</subfield></datafield><datafield ind1=" " ind2="0" tag="651"><subfield code="a">Gary (Ind.)</subfield><subfield code="v">Newspapers.</subfield></datafield><datafield ind1=" " ind2="7" tag="655"><subfield code="a">Newspapers.</subfield><subfield code="2">fast</subfield><subfield code="0">(OCoLC)fst01423814</subfield></datafield><datafield ind1=" " ind2="7" tag="651"><subfield code="a">Indiana</subfield><subfield code="z">Gary.</subfield><subfield code="2">fast</subfield><subfield code="0">(OCoLC)fst01205217</subfield></datafield><datafield ind1=" " ind2=" " tag="752"><subfield code="a">United States</subfield><subfield code="b">Indiana</subfield><subfield code="c">Lake</subfield><subfield code="d">Gary.</subfield></datafield><datafield ind1="1" ind2=" " tag="775"><subfield code="t">Northwest Indiana sentinel</subfield><subfield code="w">(DLC)sn 86058244</subfield></datafield><datafield ind1="1" ind2=" " tag="775"><subfield code="t">Indiana sentinel (Highland, Ind.)</subfield></datafield><datafield ind1="0" ind2="0" tag="780"><subfield code="t">Gary evening post and daily tribune</subfield><subfield code="w">(DLC)sn 85047509</subfield></datafield><datafield ind1="0" ind2="0" tag="785"><subfield code="t">Post-tribune</subfield><subfield code="w">(DLC)sn 82014476</subfield></datafield></record>